<record><leader>00000cas a22000007a 4500</leader><controlfield tag="001">9382190</controlfield><controlfield tag="008">830406d19621963laumr ne      0    0eng d</controlfield><datafield ind1=" " ind2=" " tag="010"><subfield code="a">sn 83045263 </subfield></datafield><datafield ind1=" " ind2=" " tag="040"><subfield code="a">CRL</subfield><subfield code="b">eng</subfield><subfield code="c">CRL</subfield><subfield code="d">NPW</subfield><subfield code="d">LNP</subfield><subfield code="d">OCLCQ</subfield><subfield code="d">OCLCF</subfield><subfield code="d">OCLCO</subfield></datafield><datafield ind1="1" ind2=" " tag="029"><subfield code="a">AU@</subfield><subfield code="b">000025811290</subfield></datafield><datafield ind1="0" ind2=" " tag="041"><subfield code="a">engitaspa</subfield></datafield><datafield ind1=" " ind2=" " tag="042"><subfield code="a">msc</subfield></datafield><datafield ind1="0" ind2="0" tag="245"><subfield code="a">Italian-American international review.</subfield></datafield><datafield ind1="3" ind2="0" tag="246"><subfield code="a">Italian American international review</subfield></datafield><datafield ind1=" " ind2=" " tag="260"><subfield code="a">New Orleans, La. :</subfield><subfield code="b">Italian-American Pub. Co.</subfield></datafield><datafield ind1=" " ind2=" " tag="300"><subfield code="a">v.</subfield></datafield><datafield ind1=" " ind2=" " tag="310"><subfield code="a">Monthly</subfield></datafield><datafield ind1="0" ind2=" " tag="362"><subfield code="a">Vol. 46, no. 7 (July 1962)-v. 47, no. 2 (Feb. 1963).</subfield></datafield><datafield ind1=" " ind2=" " tag="546"><subfield code="a">In English, Italian and Spanish.</subfield></datafield><datafield ind1=" " ind2="0" tag="650"><subfield code="a">Italians</subfield><subfield code="z">Louisiana</subfield><subfield code="z">New Orleans</subfield><subfield code="v">Newspapers.</subfield></datafield><datafield ind1=" " ind2="7" tag="655"><subfield code="a">Newspapers.</subfield><subfield code="2">fast</subfield><subfield code="0">(OCoLC)fst01423814</subfield></datafield><datafield ind1=" " ind2="7" tag="650"><subfield code="a">Italians.</subfield><subfield code="2">fast</subfield><subfield code="0">(OCoLC)fst00980750</subfield></datafield><datafield ind1=" " ind2="7" tag="651"><subfield code="a">Louisiana</subfield><subfield code="z">New Orleans.</subfield><subfield code="2">fast</subfield><subfield code="0">(OCoLC)fst01204311</subfield></datafield><datafield ind1=" " ind2=" " tag="752"><subfield code="a">United States</subfield><subfield code="b">Louisiana</subfield><subfield code="c">Orleans</subfield><subfield code="d">New Orleans.</subfield></datafield><datafield ind1="0" ind2="0" tag="780"><subfield code="t">Italo-American news</subfield><subfield code="w">(DLC)sn 83045262</subfield></datafield><datafield ind1="0" ind2="0" tag="785"><subfield code="t">International review (New Orleans, La.)</subfield><subfield code="w">(DLC)sn 83045259</subfield></datafield></record>